fiscalDateEnding,reportedCurrency,grossProfit,totalRevenue,costOfRevenue,costofGoodsAndServicesSold,operatingIncome,sellingGeneralAndAdministrative,researchAndDevelopment,operatingExpenses,investmentIncomeNet,netInterestIncome,interestIncome,interestExpense,nonInterestIncome,otherNonOperatingIncome,depreciation,depreciationAndAmortization,incomeBeforeTax,incomeTaxExpense,interestAndDebtExpense,netIncomeFromContinuingOperations,comprehensiveIncomeNetOfTax,ebit,ebitda,netIncome
2022-09-30,USD,367000000,6051000000,5684000000,5684000000,-41000000,None,None,444000000,None,-53000000,22000000,75000000,None,None,None,172000000,-312000000,-123000000,None,-193000000,None,-236000000,-64000000,-188000000
2022-06-30,USD,1957000000,5465000000,3508000000,3508000000,272000000,None,None,1741000000,None,-27000000,29000000,56000000,None,None,None,605000000,-438000000,-328000000,None,-113000000,None,-383000000,222000000,-111000000
2022-03-31,USD,2041000000,5591000000,3550000000,3550000000,435000000,None,None,1622000000,None,-37000000,19000000,56000000,None,None,None,602000000,61000000,-53000000,None,111000000,None,109000000,711000000,106000000
2021-12-31,USD,1472000000,5532000000,4060000000,4060000000,-2000000,None,None,1531000000,None,26000000,None,72000000,None,None,None,589000000,160000000,117000000,None,39000000,None,231000000,820000000,42000000
2021-09-30,USD,2859000000,4405000000,1546000000,1546000000,941000000,None,None,3464000000,None,-123000000,26000000,77000000,None,None,None,None,815000000,167000000,None,634000000,None,1516000000,2157000000,607000000
2021-06-30,USD,2206000000,4153000000,1947000000,1947000000,-316000000,None,None,4469000000,None,-48000000,28000000,76000000,None,None,None,None,124000000,13000000,None,13000000,None,347000000,1540000000,-61000000
2021-03-31,USD,949000000,5559000000,4610000000,4610000000,-1113000000,None,None,6672000000,None,-54000000,18000000,72000000,None,None,None,None,-947000000,-221000000,None,-769000000,None,-1112000000,471000000,-793000000
2020-12-31,USD,1707000000,4331000000,2624000000,2624000000,-354000000,None,None,2060000000,None,-80000000,None,80000000,None,None,None,1370000000,304000000,208000000,None,94000000,None,307000000,1677000000,19000000
